<record><leader>00000cas a22000007a 4500</leader><controlfield tag="001">17164621</controlfield><controlfield tag="008">871203d192319uuiluuu ne      0    0eng  </controlfield><controlfield tag="009">466</controlfield><datafield ind1=" " ind2=" " tag="010"><subfield code="a">sn 87062390 </subfield></datafield><datafield ind1=" " ind2=" " tag="040"><subfield code="a">DLC</subfield><subfield code="b">eng</subfield><subfield code="c">DLC</subfield></datafield><datafield ind1="1" ind2=" " tag="029"><subfield code="a">AU@</subfield><subfield code="b">000025786745</subfield></datafield><datafield ind1=" " ind2=" " tag="042"><subfield code="a">msc</subfield></datafield><datafield ind1="0" ind2="0" tag="050"><subfield code="a">Newspaper 7607</subfield></datafield><datafield ind1="0" ind2="0" tag="245"><subfield code="a">Minature daily worker.</subfield></datafield><datafield ind1="0" ind2="3" tag="246"><subfield code="a">Daily worker</subfield></datafield><datafield ind1=" " ind2=" " tag="260"><subfield code="a">Chicago, Ill. :</subfield><subfield code="b">Daily Worker Campaign Committee,</subfield><subfield code="c">1923-</subfield></datafield><datafield ind1=" " ind2=" " tag="300"><subfield code="a">v. :</subfield><subfield code="b">ill. ;</subfield><subfield code="c">28 cm.</subfield></datafield><datafield ind1="0" ind2=" " tag="362"><subfield code="a">Vol. 1, no. 1 (Nov. 1923?)-</subfield></datafield><datafield ind1=" " ind2=" " tag="500"><subfield code="a">The word "minature" appears over the masthead ornament.</subfield></datafield><datafield ind1=" " ind2=" " tag="500"><subfield code="a">Dates or issues are nonexistent, only says, "Today."</subfield></datafield><datafield ind1=" " ind2=" " tag="500"><subfield code="a">On masthead: published now and then.</subfield></datafield><datafield ind1=" " ind2=" " tag="752"><subfield code="a">United States</subfield><subfield code="b">Illinois</subfield><subfield code="c">Cook</subfield><subfield code="d">Chicago.</subfield></datafield></record>